% Probabilistic Robotics
@book{Prob_Rob, 
    place={Cambridge, MA}, 
    title={Probabilistic Robotics}, 
    publisher={MIT Press}, 
    author={Thrun, Sebastian and Burgard, Wolfram and Fox, Dieter}, 
    year={2010}
    }
    
